<collection xmlns="http://www.loc.gov/MARC21/slim"><record><leader>01123nam  2200301   450</leader><controlfield tag="001">176</controlfield><controlfield tag="003">http://montalegre.opacnet.com/OPAC/default.aspx?ContentAreaControl=ShowRegHoldings.ascx&amp;RegNo=16662</controlfield><controlfield tag="005">20</controlfield><datafield tag="021" ind1=" " ind2=" "><subfield code="a">PT</subfield><subfield code="b">15585/87</subfield></datafield><datafield tag="021" ind1=" " ind2=" "><subfield code="a">PT</subfield><subfield code="b">27006/89</subfield></datafield><datafield tag="100" ind1=" " ind2=" "><subfield code="a">19870915g1987    m  y0pory010305  ba</subfield></datafield><datafield tag="101" ind1="1" ind2=" "><subfield code="a">por</subfield><subfield code="c">eng</subfield></datafield><datafield tag="102" ind1=" " ind2=" "><subfield code="a">PT</subfield></datafield><datafield tag="200" ind1="1" ind2=" "><subfield code="a">&lt;O &gt;venerável espião</subfield><subfield code="f">John Le Carré</subfield><subfield code="g">trad. Joaquim Duarte Peixoto</subfield></datafield><datafield tag="205" ind1=" " ind2=" "><subfield code="a">2ª ed</subfield></datafield><datafield tag="210" ind1=" " ind2=" "><subfield code="a">Mem Martins</subfield><subfield code="c">Europa-América</subfield><subfield code="d">1987</subfield><subfield code="d">1989</subfield></datafield><datafield tag="215" ind1=" " ind2=" "><subfield code="a">vol.1: 287 p.</subfield><subfield code="a">vol.2: 267 p.</subfield><subfield code="d">21 cm</subfield></datafield><datafield tag="225" ind1="2" ind2=" "><subfield code="a">Século XX</subfield><subfield code="v">169</subfield><subfield code="v">174</subfield></datafield><datafield tag="304" ind1=" " ind2=" "><subfield code="a">Tít. orig. : The honourable schoolboy-shaking the tree</subfield></datafield><datafield tag="327" ind1="1" ind2=" "><subfield code="a">1º vol.: A corda do relógio</subfield><subfield code="a">2º vol.: O abanar da árvore</subfield></datafield><datafield tag="608" ind1=" " ind2=" "><subfield code="a">Policial</subfield><subfield code="2">Autoridade</subfield><subfield code="3">PT9999-00-10-2009040123590005518</subfield></datafield><datafield tag="675" ind1=" " ind2=" "><subfield code="a">82-312.4</subfield></datafield><datafield tag="700" ind1=" " ind2="1"><subfield code="a">Le Carré</subfield><subfield code="b">John</subfield><subfield code="c">pseud.</subfield></datafield><datafield tag="702" ind1=" " ind2="1"><subfield code="a">Peixoto</subfield><subfield code="b">Joaquim</subfield><subfield code="4">730</subfield></datafield><datafield tag="801" ind1=" " ind2="0"><subfield code="a">PT</subfield><subfield code="b">Biblioteca Municipal de Montalegre</subfield><subfield code="g">RPC</subfield></datafield><datafield tag="856" ind1=" " ind2=" "><subfield code="u">locateMedia.asp?cod=20060510091757&amp;ext=jpg</subfield><subfield code="z">CAPA</subfield></datafield><datafield tag="856" ind1=" " ind2=" "><subfield code="u">locateMedia.asp?cod=20060510091907&amp;ext=jpg</subfield><subfield code="z">CAPA</subfield></datafield><datafield tag="909" ind1="&#9;" ind2=" "><subfield code="a">2</subfield></datafield><datafield tag="966" ind1=" " ind2=" "><subfield code="a">0008224</subfield><subfield code="d">I</subfield><subfield code="l">BMM</subfield><subfield code="s">SCG 82-312.4 LeC ven 169</subfield></datafield><datafield tag="966" ind1=" " ind2=" "><subfield code="a">0008225</subfield><subfield code="d">II</subfield><subfield code="l">BMM</subfield><subfield code="s">SCG 82-312.4 LeC ven 174</subfield></datafield></record></collection>